<record><leader>00000cas a22000007a 4500</leader><controlfield tag="001">13944826</controlfield><controlfield tag="008">860725d18451847vauir ne      0    0eng  </controlfield><controlfield tag="009">466</controlfield><datafield ind1=" " ind2=" " tag="010"><subfield code="a">sn 86071753 </subfield></datafield><datafield ind1=" " ind2=" " tag="040"><subfield code="a">DLC</subfield><subfield code="b">eng</subfield><subfield code="c">DLC</subfield><subfield code="d">NVK</subfield><subfield code="d">OCL</subfield><subfield code="d">NVK</subfield><subfield code="d">OCLCO</subfield><subfield code="d">OCLCF</subfield></datafield><datafield ind1=" " ind2=" " tag="042"><subfield code="a">msc</subfield></datafield><datafield ind1="0" ind2="0" tag="050"><subfield code="a">Newspaper 10084</subfield></datafield><datafield ind1="0" ind2=" " tag="130"><subfield code="a">New era (Portsmouth, Va.)</subfield></datafield><datafield ind1="0" ind2="4" tag="245"><subfield code="a">The New era.</subfield></datafield><datafield ind1=" " ind2=" " tag="260"><subfield code="a">[Portsmouth, Va.] :</subfield><subfield code="b">A.F. Cunningham,</subfield><subfield code="c">1845-1847.</subfield></datafield><datafield ind1=" " ind2=" " tag="300"><subfield code="a">2 v. :</subfield><subfield code="b">ill. (chiefly advertisements) ;</subfield><subfield code="c">52-59 cm.</subfield></datafield><datafield ind1=" " ind2=" " tag="310"><subfield code="a">Triweekly</subfield><subfield code="b">&lt;Dec. 15, 1845-Mar. 13 , 1847&gt;</subfield></datafield><datafield ind1=" " ind2=" " tag="321"><subfield code="a">Daily</subfield><subfield code="b">&lt;July 7-Dec. 13, 1845&gt;</subfield></datafield><datafield ind1="0" ind2=" " tag="362"><subfield code="a">Vol. 1, no. 1 (July 7, 1845)-v. 2, no. 104 (Mar. 13, 1847).</subfield></datafield><datafield ind1=" " ind2=" " tag="515"><subfield code="a">Suspended with July 12, 1845 issue; one issue published July 21, 1845; resumed with July 29, 1845 issue.</subfield></datafield><datafield ind1=" " ind2="0" tag="651"><subfield code="a">Portsmouth (Va.)</subfield><subfield code="v">Newspapers.</subfield></datafield><datafield ind1=" " ind2="7" tag="655"><subfield code="a">Newspapers.</subfield><subfield code="2">fast</subfield><subfield code="0">(OCoLC)fst01423814</subfield></datafield><datafield ind1=" " ind2="7" tag="651"><subfield code="a">Virginia</subfield><subfield code="z">Portsmouth.</subfield><subfield code="2">fast</subfield><subfield code="0">(OCoLC)fst01213398</subfield></datafield><datafield ind1=" " ind2=" " tag="752"><subfield code="a">United States</subfield><subfield code="b">Virginia</subfield><subfield code="d">Portsmouth.</subfield></datafield><datafield ind1="0" ind2="0" tag="780"><subfield code="t">Chronicle and Old Dominion</subfield><subfield code="w">(DLC)sn 86071752</subfield></datafield><datafield ind1="0" ind2="0" tag="785"><subfield code="t">Chronicle and Old Dominion (Portsmouth, Va. : 1847)</subfield><subfield code="w">(DLC)sn 86071754</subfield></datafield></record>